%:::::::::::::::::::::::::::::::::::::::::::::::::::::::::::::::::::::::::::::::::::::::::::::::::::::::::::::::::::::%
%                                                      EXEMPLE DE SITE WEB                                                     %
%:::::::::::::::::::::::::::::::::::::::::::::::::::::::::::::::::::::::::::::::::::::::::::::::::::::::::::::::::::::%
%   		@misc{nielsen2000a,
%  	author = {Nielsen,  Jakob},
%  	title = {Why You Only Need to Test with 5 Users},
% 	howpublished = "\url{https://www.nngroup.com/articles/why-you-only-need-to-test-with-5-users/}. En ligne\,; consulté le 14 avril 2014",
 %	year = {2000}, 
 %	note = "[En ligne\,; consulté le 14 avril 2014]''
 %	}
 %:::::::::::::::::::::::::::::::::::::::::::::::::::::::::::::::::::::::::::::::::::::::::::::::::::::::::::::::::::::%

@misc{ReallusionInc2016,
 author = {{Reallusion Inc.}},
 title = {Training Resources Turn Your Photo into Animated Character},
 howpublished = "\url{http://www.reallusion.com/crazytalk/Animator/animator_training.aspx}. En ligne\,; consulté le 3 mai 2016",
 year = {2016}, 
 note = "[En ligne\,; consulté le 3 mai 2016]''
 }
 
 @misc{Mosler2007,
 author = {Winfried Mosler},
 title = {Critique},
 howpublished = "\url{https://farm3.staticflickr.com/2306/2117059979_f67c2eb06f_o_d.jpg}. En ligne\,; consulté le 4 mai 2016",
 year = {2007}, 
 note = "[En ligne\,; consulté le 4 mai 2016]''
 }